%YAML 1.1
%TAG !u! tag:unity3d.com,2011:
--- !u!195 &61986334691990965
NavMeshAgent:
  m_ObjectHideFlags: 0
  m_CorrespondingSourceObject: {fileID: 0}
  m_PrefabInstance: {fileID: 0}
  m_PrefabAsset: {fileID: 0}
  m_GameObject: {fileID: 1078366699554321863}
  m_Enabled: 1
  m_AgentTypeID: 0
  m_Radius: 1
  m_Speed: 3.5
  m_Acceleration: 8
  avoidancePriority: 50
  m_AngularSpeed: 120
  m_StoppingDistance: 5
  m_AutoTraverseOffMeshLink: 1
  m_AutoBraking: 1
  m_AutoRepath: 1
  m_Height: 5
  m_BaseOffset: 0
  m_WalkableMask: 4294967295
  m_ObstacleAvoidanceType: 4
--- !u!114 &8733079153337892765
MonoBehaviour:
  m_ObjectHideFlags: 0
  m_CorrespondingSourceObject: {fileID: 0}
  m_PrefabInstance: {fileID: 0}
  m_PrefabAsset: {fileID: 0}
  m_GameObject: {fileID: 1078366699554321863}
  m_Enabled: 1
  m_EditorHideFlags: 0
  m_Script: {fileID: 11500000, guid: 2fb9c2fd75829bf4eb5722f0439cdebd, type: 3}
  m_Name: 
  m_EditorClassIdentifier: 
  cam: {fileID: 130979816794341634}
  impacto: {fileID: 5919724680935042085, guid: fa0697f9640d145449db758e682abfd3, type: 3}
--- !u!1 &1577716868799769942
GameObject:
  m_ObjectHideFlags: 0
  m_CorrespondingSourceObject: {fileID: 0}
  m_PrefabInstance: {fileID: 0}
  m_PrefabAsset: {fileID: 0}
  serializedVersion: 6
  m_Component:
  - component: {fileID: 2428928146505069504}
  - component: {fileID: 130979816794341634}
  - component: {fileID: 518281935810478713}
  m_Layer: 0
  m_Name: Camera
  m_TagString: Untagged
  m_Icon: {fileID: 0}
  m_NavMeshLayer: 0
  m_StaticEditorFlags: 0
  m_IsActive: 1
--- !u!4 &2428928146505069504
Transform:
  m_ObjectHideFlags: 0
  m_CorrespondingSourceObject: {fileID: 0}
  m_PrefabInstance: {fileID: 0}
  m_PrefabAsset: {fileID: 0}
  m_GameObject: {fileID: 1577716868799769942}
  m_LocalRotation: {x: -0, y: -0, z: -0, w: 1}
  m_LocalPosition: {x: 0.090025544, y: 3.567848, z: 1.7442597}
  m_LocalScale: {x: 3.062653, y: 3.062653, z: 3.062653}
  m_Children: []
  m_Father: {fileID: 1078366699554321866}
  m_RootOrder: 2
  m_LocalEulerAnglesHint: {x: 0, y: 0, z: 0}
--- !u!20 &130979816794341634
Camera:
  m_ObjectHideFlags: 0
  m_CorrespondingSourceObject: {fileID: 0}
  m_PrefabInstance: {fileID: 0}
  m_PrefabAsset: {fileID: 0}
  m_GameObject: {fileID: 1577716868799769942}
  m_Enabled: 1
  serializedVersion: 2
  m_ClearFlags: 1
  m_BackGroundColor: {r: 0.19215687, g: 0.3019608, b: 0.4745098, a: 0}
  m_projectionMatrixMode: 1
  m_SensorSize: {x: 36, y: 24}
  m_LensShift: {x: 0, y: 0}
  m_GateFitMode: 2
  m_FocalLength: 50
  m_NormalizedViewPortRect:
    serializedVersion: 2
    x: 0
    y: 0
    width: 1
    height: 1
  near clip plane: 0.01
  far clip plane: 20
  field of view: 60
  orthographic: 0
  orthographic size: 5
  m_Depth: 0
  m_CullingMask:
    serializedVersion: 2
    m_Bits: 4294967295
  m_RenderingPath: -1
  m_TargetTexture: {fileID: 0}
  m_TargetDisplay: 1
  m_TargetEye: 3
  m_HDR: 1
  m_AllowMSAA: 1
  m_AllowDynamicResolution: 0
  m_ForceIntoRT: 0
  m_OcclusionCulling: 1
  m_StereoConvergence: 10
  m_StereoSeparation: 0.022
--- !u!81 &518281935810478713
AudioListener:
  m_ObjectHideFlags: 0
  m_CorrespondingSourceObject: {fileID: 0}
  m_PrefabInstance: {fileID: 0}
  m_PrefabAsset: {fileID: 0}
  m_GameObject: {fileID: 1577716868799769942}
  m_Enabled: 1
--- !u!1 &4740061700652174927
GameObject:
  m_ObjectHideFlags: 0
  m_CorrespondingSourceObject: {fileID: 0}
  m_PrefabInstance: {fileID: 0}
  m_PrefabAsset: {fileID: 0}
  serializedVersion: 6
  m_Component:
  - component: {fileID: 4740061700652174926}
  - component: {fileID: 4740061700652174925}
  - component: {fileID: 4740061700652174924}
  m_Layer: 0
  m_Name: Head
  m_TagString: head
  m_Icon: {fileID: 0}
  m_NavMeshLayer: 0
  m_StaticEditorFlags: 0
  m_IsActive: 1
--- !u!4 &4740061700652174926
Transform:
  m_ObjectHideFlags: 0
  m_CorrespondingSourceObject: {fileID: 0}
  m_PrefabInstance: {fileID: 0}
  m_PrefabAsset: {fileID: 0}
  m_GameObject: {fileID: 4740061700652174927}
  m_LocalRotation: {x: 0.30603984, y: -0, z: -0, w: 0.95201874}
  m_LocalPosition: {x: -1.692, y: -0.628, z: -1.96}
  m_LocalScale: {x: 0.3265143, y: 0.3265143, z: 0.3265143}
  m_Children: []
  m_Father: {fileID: 4740061701043139936}
  m_RootOrder: 1
  m_LocalEulerAnglesHint: {x: 35.641003, y: 0, z: 0}
--- !u!136 &4740061700652174925
CapsuleCollider:
  m_ObjectHideFlags: 0
  m_CorrespondingSourceObject: {fileID: 0}
  m_PrefabInstance: {fileID: 0}
  m_PrefabAsset: {fileID: 0}
  m_GameObject: {fileID: 4740061700652174927}
  m_Material: {fileID: 0}
  m_IsTrigger: 1
  m_Enabled: 1
  m_Radius: 0.23516242
  m_Height: 1.2895014
  m_Direction: 2
  m_Center: {x: -0.21837382, y: 1.7311809, z: -1.4898441}
--- !u!114 &4740061700652174924
MonoBehaviour:
  m_ObjectHideFlags: 0
  m_CorrespondingSourceObject: {fileID: 0}
  m_PrefabInstance: {fileID: 0}
  m_PrefabAsset: {fileID: 0}
  m_GameObject: {fileID: 4740061700652174927}
  m_Enabled: 1
  m_EditorHideFlags: 0
  m_Script: {fileID: 11500000, guid: b1d7858a6f480f3449e07a1f74e580d6, type: 3}
  m_Name: 
  m_EditorClassIdentifier: 
  ragdoll: {fileID: 48908503426143520, guid: b78f1c5c60513d64686cd58420dea87d, type: 3}
  ragdollnoHead: {fileID: 3322667699499558046, guid: 144443f1cd63773449be9986f5b6b9af,
    type: 3}
--- !u!1 &4740061701043139937
GameObject:
  m_ObjectHideFlags: 0
  m_CorrespondingSourceObject: {fileID: 0}
  m_PrefabInstance: {fileID: 0}
  m_PrefabAsset: {fileID: 0}
  serializedVersion: 6
  m_Component:
  - component: {fileID: 4740061701043139936}
  - component: {fileID: 3850380052682536296}
  m_Layer: 0
  m_Name: Droide
  m_TagString: Untagged
  m_Icon: {fileID: 0}
  m_NavMeshLayer: 0
  m_StaticEditorFlags: 0
  m_IsActive: 1
--- !u!4 &4740061701043139936
Transform:
  m_ObjectHideFlags: 0
  m_CorrespondingSourceObject: {fileID: 0}
  m_PrefabInstance: {fileID: 0}
  m_PrefabAsset: {fileID: 0}
  m_GameObject: {fileID: 4740061701043139937}
  m_LocalRotation: {x: 0, y: 0, z: 0, w: 1}
  m_LocalPosition: {x: 0, y: 0, z: 0}
  m_LocalScale: {x: 1, y: 1, z: 1}
  m_Children:
  - {fileID: 1078366699554321866}
  - {fileID: 4740061700652174926}
  m_Father: {fileID: 0}
  m_RootOrder: 0
  m_LocalEulerAnglesHint: {x: 0, y: 0, z: 0}
--- !u!114 &3850380052682536296
MonoBehaviour:
  m_ObjectHideFlags: 0
  m_CorrespondingSourceObject: {fileID: 0}
  m_PrefabInstance: {fileID: 0}
  m_PrefabAsset: {fileID: 0}
  m_GameObject: {fileID: 4740061701043139937}
  m_Enabled: 1
  m_EditorHideFlags: 0
  m_Script: {fileID: 11500000, guid: d832c681fb6057e46843d1bc5a7ca66f, type: 3}
  m_Name: 
  m_EditorClassIdentifier: 
  agent: {fileID: 61986334691990965}
  droid: {fileID: 5494683246185452950}
--- !u!1001 &4740061700367248153
PrefabInstance:
  m_ObjectHideFlags: 0
  serializedVersion: 2
  m_Modification:
    m_TransformParent: {fileID: 4740061701043139936}
    m_Modifications:
    - target: {fileID: 5710342004552589022, guid: 6e4b14c365704a140979903466a55792,
        type: 3}
      propertyPath: m_Name
      value: DroideJugable (2)
      objectReference: {fileID: 0}
    - target: {fileID: 5710342004552589011, guid: 6e4b14c365704a140979903466a55792,
        type: 3}
      propertyPath: m_LocalPosition.x
      value: -1.7633946
      objectReference: {fileID: 0}
    - target: {fileID: 5710342004552589011, guid: 6e4b14c365704a140979903466a55792,
        type: 3}
      propertyPath: m_LocalPosition.y
      value: -1.4599533
      objectReference: {fileID: 0}
    - target: {fileID: 5710342004552589011, guid: 6e4b14c365704a140979903466a55792,
        type: 3}
      propertyPath: m_LocalPosition.z
      value: -2.0695257
      objectReference: {fileID: 0}
    - target: {fileID: 5710342004552589011, guid: 6e4b14c365704a140979903466a55792,
        type: 3}
      propertyPath: m_LocalRotation.x
      value: -0
      objectReference: {fileID: 0}
    - target: {fileID: 5710342004552589011, guid: 6e4b14c365704a140979903466a55792,
        type: 3}
      propertyPath: m_LocalRotation.y
      value: -0
      objectReference: {fileID: 0}
    - target: {fileID: 5710342004552589011, guid: 6e4b14c365704a140979903466a55792,
        type: 3}
      propertyPath: m_LocalRotation.z
      value: -0
      objectReference: {fileID: 0}
    - target: {fileID: 5710342004552589011, guid: 6e4b14c365704a140979903466a55792,
        type: 3}
      propertyPath: m_LocalRotation.w
      value: 1
      objectReference: {fileID: 0}
    - target: {fileID: 5710342004552589011, guid: 6e4b14c365704a140979903466a55792,
        type: 3}
      propertyPath: m_RootOrder
      value: 0
      objectReference: {fileID: 0}
    - target: {fileID: 5710342004552589011, guid: 6e4b14c365704a140979903466a55792,
        type: 3}
      propertyPath: m_LocalEulerAnglesHint.x
      value: 0
      objectReference: {fileID: 0}
    - target: {fileID: 5710342004552589011, guid: 6e4b14c365704a140979903466a55792,
        type: 3}
      propertyPath: m_LocalEulerAnglesHint.y
      value: 0
      objectReference: {fileID: 0}
    - target: {fileID: 5710342004552589011, guid: 6e4b14c365704a140979903466a55792,
        type: 3}
      propertyPath: m_LocalEulerAnglesHint.z
      value: 0
      objectReference: {fileID: 0}
    - target: {fileID: 5710342004819778295, guid: 6e4b14c365704a140979903466a55792,
        type: 3}
      propertyPath: m_IsActive
      value: 0
      objectReference: {fileID: 0}
    - target: {fileID: 975341908219821711, guid: 6e4b14c365704a140979903466a55792,
        type: 3}
      propertyPath: ragdoll
      value: 
      objectReference: {fileID: 48908503426143520, guid: b78f1c5c60513d64686cd58420dea87d,
        type: 3}
    - target: {fileID: 5710342002918792204, guid: 6e4b14c365704a140979903466a55792,
        type: 3}
      propertyPath: m_LocalRotation.x
      value: -0.45369738
      objectReference: {fileID: 0}
    - target: {fileID: 5710342002918792204, guid: 6e4b14c365704a140979903466a55792,
        type: 3}
      propertyPath: m_LocalRotation.y
      value: -0.54236394
      objectReference: {fileID: 0}
    - target: {fileID: 5710342002918792204, guid: 6e4b14c365704a140979903466a55792,
        type: 3}
      propertyPath: m_LocalRotation.z
      value: -0.542364
      objectReference: {fileID: 0}
    - target: {fileID: 5710342002918792204, guid: 6e4b14c365704a140979903466a55792,
        type: 3}
      propertyPath: m_LocalRotation.w
      value: 0.45369735
      objectReference: {fileID: 0}
    - target: {fileID: 5710342002918792204, guid: 6e4b14c365704a140979903466a55792,
        type: 3}
      propertyPath: m_LocalPosition.x
      value: -0.415
      objectReference: {fileID: 0}
    - target: {fileID: 5710342002918792204, guid: 6e4b14c365704a140979903466a55792,
        type: 3}
      propertyPath: m_LocalPosition.y
      value: 0.377
      objectReference: {fileID: 0}
    - target: {fileID: 5710342002918792204, guid: 6e4b14c365704a140979903466a55792,
        type: 3}
      propertyPath: m_LocalPosition.z
      value: -0.032
      objectReference: {fileID: 0}
    - target: {fileID: 5710342002918792204, guid: 6e4b14c365704a140979903466a55792,
        type: 3}
      propertyPath: m_LocalEulerAnglesHint.x
      value: -89.98
      objectReference: {fileID: 0}
    - target: {fileID: 5710342002918792204, guid: 6e4b14c365704a140979903466a55792,
        type: 3}
      propertyPath: m_LocalEulerAnglesHint.z
      value: -100.174
      objectReference: {fileID: 0}
    - target: {fileID: 5710342003408799423, guid: 6e4b14c365704a140979903466a55792,
        type: 3}
      propertyPath: m_LocalRotation.x
      value: 0.7019167
      objectReference: {fileID: 0}
    - target: {fileID: 5710342003408799423, guid: 6e4b14c365704a140979903466a55792,
        type: 3}
      propertyPath: m_LocalRotation.y
      value: 0.085516274
      objectReference: {fileID: 0}
    - target: {fileID: 5710342003408799423, guid: 6e4b14c365704a140979903466a55792,
        type: 3}
      propertyPath: m_LocalRotation.z
      value: 0.66531897
      objectReference: {fileID: 0}
    - target: {fileID: 5710342003408799423, guid: 6e4b14c365704a140979903466a55792,
        type: 3}
      propertyPath: m_LocalRotation.w
      value: 0.2394799
      objectReference: {fileID: 0}
    - target: {fileID: 5710342003408799423, guid: 6e4b14c365704a140979903466a55792,
        type: 3}
      propertyPath: m_LocalPosition.x
      value: 0.538
      objectReference: {fileID: 0}
    - target: {fileID: 5710342003408799423, guid: 6e4b14c365704a140979903466a55792,
        type: 3}
      propertyPath: m_LocalPosition.y
      value: 2.091
      objectReference: {fileID: 0}
    - target: {fileID: 5710342003408799423, guid: 6e4b14c365704a140979903466a55792,
        type: 3}
      propertyPath: m_LocalPosition.z
      value: -0.602
      objectReference: {fileID: 0}
    - target: {fileID: 5710342003408799423, guid: 6e4b14c365704a140979903466a55792,
        type: 3}
      propertyPath: m_LocalEulerAnglesHint.x
      value: 167.15
      objectReference: {fileID: 0}
    - target: {fileID: 5710342003408799423, guid: 6e4b14c365704a140979903466a55792,
        type: 3}
      propertyPath: m_LocalEulerAnglesHint.y
      value: -90
      objectReference: {fileID: 0}
    - target: {fileID: 5710342003408799423, guid: 6e4b14c365704a140979903466a55792,
        type: 3}
      propertyPath: m_LocalEulerAnglesHint.z
      value: -26.742004
      objectReference: {fileID: 0}
    - target: {fileID: 5710342002940225442, guid: 6e4b14c365704a140979903466a55792,
        type: 3}
      propertyPath: m_LocalRotation.x
      value: 0.58709186
      objectReference: {fileID: 0}
    - target: {fileID: 5710342002940225442, guid: 6e4b14c365704a140979903466a55792,
        type: 3}
      propertyPath: m_LocalRotation.y
      value: -0.40374
      objectReference: {fileID: 0}
    - target: {fileID: 5710342002940225442, guid: 6e4b14c365704a140979903466a55792,
        type: 3}
      propertyPath: m_LocalRotation.z
      value: 0.6091562
      objectReference: {fileID: 0}
    - target: {fileID: 5710342002940225442, guid: 6e4b14c365704a140979903466a55792,
        type: 3}
      propertyPath: m_LocalRotation.w
      value: 0.34820387
      objectReference: {fileID: 0}
    - target: {fileID: 5710342002940225442, guid: 6e4b14c365704a140979903466a55792,
        type: 3}
      propertyPath: m_LocalPosition.x
      value: 1.916
      objectReference: {fileID: 0}
    - target: {fileID: 5710342002940225442, guid: 6e4b14c365704a140979903466a55792,
        type: 3}
      propertyPath: m_LocalPosition.y
      value: 0.857
      objectReference: {fileID: 0}
    - target: {fileID: 5710342002940225442, guid: 6e4b14c365704a140979903466a55792,
        type: 3}
      propertyPath: m_LocalPosition.z
      value: 0.631
      objectReference: {fileID: 0}
    - target: {fileID: 5710342002940225442, guid: 6e4b14c365704a140979903466a55792,
        type: 3}
      propertyPath: m_LocalEulerAnglesHint.x
      value: 115.744995
      objectReference: {fileID: 0}
    - target: {fileID: 5710342002940225442, guid: 6e4b14c365704a140979903466a55792,
        type: 3}
      propertyPath: m_LocalEulerAnglesHint.y
      value: -87.97299
      objectReference: {fileID: 0}
    - target: {fileID: 5710342002940225442, guid: 6e4b14c365704a140979903466a55792,
        type: 3}
      propertyPath: m_LocalEulerAnglesHint.z
      value: 6.5889893
      objectReference: {fileID: 0}
    - target: {fileID: 5710342004502107479, guid: 6e4b14c365704a140979903466a55792,
        type: 3}
      propertyPath: m_LocalRotation.x
      value: -0.31697762
      objectReference: {fileID: 0}
    - target: {fileID: 5710342004502107479, guid: 6e4b14c365704a140979903466a55792,
        type: 3}
      propertyPath: m_LocalRotation.y
      value: 0.6320801
      objectReference: {fileID: 0}
    - target: {fileID: 5710342004502107479, guid: 6e4b14c365704a140979903466a55792,
        type: 3}
      propertyPath: m_LocalRotation.z
      value: -0.63207996
      objectReference: {fileID: 0}
    - target: {fileID: 5710342004502107479, guid: 6e4b14c365704a140979903466a55792,
        type: 3}
      propertyPath: m_LocalRotation.w
      value: 0.31697756
      objectReference: {fileID: 0}
    - target: {fileID: 5710342004502107479, guid: 6e4b14c365704a140979903466a55792,
        type: 3}
      propertyPath: m_LocalPosition.x
      value: -0.00000033498594
      objectReference: {fileID: 0}
    - target: {fileID: 5710342004502107479, guid: 6e4b14c365704a140979903466a55792,
        type: 3}
      propertyPath: m_LocalPosition.y
      value: -0.00000016358501
      objectReference: {fileID: 0}
    - target: {fileID: 5710342004502107479, guid: 6e4b14c365704a140979903466a55792,
        type: 3}
      propertyPath: m_LocalPosition.z
      value: -0.00000014901161
      objectReference: {fileID: 0}
    - target: {fileID: 5710342004502107479, guid: 6e4b14c365704a140979903466a55792,
        type: 3}
      propertyPath: m_LocalEulerAnglesHint.x
      value: 36.734
      objectReference: {fileID: 0}
    - target: {fileID: 5710342004502107479, guid: 6e4b14c365704a140979903466a55792,
        type: 3}
      propertyPath: m_LocalEulerAnglesHint.y
      value: 90.00001
      objectReference: {fileID: 0}
    - target: {fileID: 5710342004502107479, guid: 6e4b14c365704a140979903466a55792,
        type: 3}
      propertyPath: m_LocalEulerAnglesHint.z
      value: -90.00001
      objectReference: {fileID: 0}
    - target: {fileID: 5710342003597271331, guid: 6e4b14c365704a140979903466a55792,
        type: 3}
      propertyPath: m_LocalRotation.x
      value: -0.60764486
      objectReference: {fileID: 0}
    - target: {fileID: 5710342003597271331, guid: 6e4b14c365704a140979903466a55792,
        type: 3}
      propertyPath: m_LocalRotation.y
      value: -0.14640903
      objectReference: {fileID: 0}
    - target: {fileID: 5710342003597271331, guid: 6e4b14c365704a140979903466a55792,
        type: 3}
      propertyPath: m_LocalRotation.z
      value: 0.09208044
      objectReference: {fileID: 0}
    - target: {fileID: 5710342003597271331, guid: 6e4b14c365704a140979903466a55792,
        type: 3}
      propertyPath: m_LocalRotation.w
      value: 0.7751473
      objectReference: {fileID: 0}
    - target: {fileID: 5710342003597271331, guid: 6e4b14c365704a140979903466a55792,
        type: 3}
      propertyPath: m_LocalPosition.x
      value: -0.462
      objectReference: {fileID: 0}
    - target: {fileID: 5710342003597271331, guid: 6e4b14c365704a140979903466a55792,
        type: 3}
      propertyPath: m_LocalPosition.y
      value: 2.105
      objectReference: {fileID: 0}
    - target: {fileID: 5710342003597271331, guid: 6e4b14c365704a140979903466a55792,
        type: 3}
      propertyPath: m_LocalPosition.z
      value: -0.068
      objectReference: {fileID: 0}
    - target: {fileID: 5710342003597271331, guid: 6e4b14c365704a140979903466a55792,
        type: 3}
      propertyPath: m_LocalEulerAnglesHint.x
      value: -66.215004
      objectReference: {fileID: 0}
    - target: {fileID: 5710342003597271331, guid: 6e4b14c365704a140979903466a55792,
        type: 3}
      propertyPath: m_LocalEulerAnglesHint.y
      value: -57.168003
      objectReference: {fileID: 0}
    - target: {fileID: 5710342003597271331, guid: 6e4b14c365704a140979903466a55792,
        type: 3}
      propertyPath: m_LocalEulerAnglesHint.z
      value: 52.668003
      objectReference: {fileID: 0}
    - target: {fileID: 5710342003338370507, guid: 6e4b14c365704a140979903466a55792,
        type: 3}
      propertyPath: m_LocalRotation.x
      value: 0.79434407
      objectReference: {fileID: 0}
    - target: {fileID: 5710342003338370507, guid: 6e4b14c365704a140979903466a55792,
        type: 3}
      propertyPath: m_LocalRotation.y
      value: 0.05381833
      objectReference: {fileID: 0}
    - target: {fileID: 5710342003338370507, guid: 6e4b14c365704a140979903466a55792,
        type: 3}
      propertyPath: m_LocalRotation.z
      value: 0.0055394173
      objectReference: {fileID: 0}
    - target: {fileID: 5710342003338370507, guid: 6e4b14c365704a140979903466a55792,
        type: 3}
      propertyPath: m_LocalRotation.w
      value: 0.60505414
      objectReference: {fileID: 0}
    - target: {fileID: 5710342003338370507, guid: 6e4b14c365704a140979903466a55792,
        type: 3}
      propertyPath: m_LocalPosition.x
      value: -0.518
      objectReference: {fileID: 0}
    - target: {fileID: 5710342003338370507, guid: 6e4b14c365704a140979903466a55792,
        type: 3}
      propertyPath: m_LocalPosition.y
      value: 2.216
      objectReference: {fileID: 0}
    - target: {fileID: 5710342003338370507, guid: 6e4b14c365704a140979903466a55792,
        type: 3}
      propertyPath: m_LocalPosition.z
      value: -0.026
      objectReference: {fileID: 0}
    - target: {fileID: 5710342003338370507, guid: 6e4b14c365704a140979903466a55792,
        type: 3}
      propertyPath: m_LocalEulerAnglesHint.x
      value: 106.127
      objectReference: {fileID: 0}
    - target: {fileID: 5710342003338370507, guid: 6e4b14c365704a140979903466a55792,
        type: 3}
      propertyPath: m_LocalEulerAnglesHint.y
      value: -15.434998
      objectReference: {fileID: 0}
    - target: {fileID: 5710342003338370507, guid: 6e4b14c365704a140979903466a55792,
        type: 3}
      propertyPath: m_LocalEulerAnglesHint.z
      value: -19.385986
      objectReference: {fileID: 0}
    - target: {fileID: 5710342004781947766, guid: 6e4b14c365704a140979903466a55792,
        type: 3}
      propertyPath: m_LocalRotation.x
      value: -0.50482696
      objectReference: {fileID: 0}
    - target: {fileID: 5710342004781947766, guid: 6e4b14c365704a140979903466a55792,
        type: 3}
      propertyPath: m_LocalRotation.y
      value: 0.495126
      objectReference: {fileID: 0}
    - target: {fileID: 5710342004781947766, guid: 6e4b14c365704a140979903466a55792,
        type: 3}
      propertyPath: m_LocalRotation.z
      value: 0.49512598
      objectReference: {fileID: 0}
    - target: {fileID: 5710342004781947766, guid: 6e4b14c365704a140979903466a55792,
        type: 3}
      propertyPath: m_LocalRotation.w
      value: 0.50482696
      objectReference: {fileID: 0}
    - target: {fileID: 5710342004781947766, guid: 6e4b14c365704a140979903466a55792,
        type: 3}
      propertyPath: m_LocalPosition.x
      value: -0.004090041
      objectReference: {fileID: 0}
    - target: {fileID: 5710342004781947766, guid: 6e4b14c365704a140979903466a55792,
        type: 3}
      propertyPath: m_LocalPosition.y
      value: 0.01148212
      objectReference: {fileID: 0}
    - target: {fileID: 5710342004781947766, guid: 6e4b14c365704a140979903466a55792,
        type: 3}
      propertyPath: m_LocalPosition.z
      value: 0.88353574
      objectReference: {fileID: 0}
    - target: {fileID: 5710342004781947766, guid: 6e4b14c365704a140979903466a55792,
        type: 3}
      propertyPath: m_LocalEulerAnglesHint.x
      value: -90.00001
      objectReference: {fileID: 0}
    - target: {fileID: 5710342004781947766, guid: 6e4b14c365704a140979903466a55792,
        type: 3}
      propertyPath: m_LocalEulerAnglesHint.z
      value: 88.888
      objectReference: {fileID: 0}
    - target: {fileID: 5710342004939041207, guid: 6e4b14c365704a140979903466a55792,
        type: 3}
      propertyPath: m_LocalRotation.x
      value: -0.46095914
      objectReference: {fileID: 0}
    - target: {fileID: 5710342004939041207, guid: 6e4b14c365704a140979903466a55792,
        type: 3}
      propertyPath: m_LocalRotation.y
      value: 0.53620595
      objectReference: {fileID: 0}
    - target: {fileID: 5710342004939041207, guid: 6e4b14c365704a140979903466a55792,
        type: 3}
      propertyPath: m_LocalRotation.z
      value: 0.5362058
      objectReference: {fileID: 0}
    - target: {fileID: 5710342004939041207, guid: 6e4b14c365704a140979903466a55792,
        type: 3}
      propertyPath: m_LocalRotation.w
      value: 0.46095902
      objectReference: {fileID: 0}
    - target: {fileID: 5710342004939041207, guid: 6e4b14c365704a140979903466a55792,
        type: 3}
      propertyPath: m_LocalPosition.x
      value: -0.0040891357
      objectReference: {fileID: 0}
    - target: {fileID: 5710342004939041207, guid: 6e4b14c365704a140979903466a55792,
        type: 3}
      propertyPath: m_LocalPosition.y
      value: 0.011481822
      objectReference: {fileID: 0}
    - target: {fileID: 5710342004939041207, guid: 6e4b14c365704a140979903466a55792,
        type: 3}
      propertyPath: m_LocalEulerAnglesHint.x
      value: -90.00001
      objectReference: {fileID: 0}
    - target: {fileID: 5710342004939041207, guid: 6e4b14c365704a140979903466a55792,
        type: 3}
      propertyPath: m_LocalEulerAnglesHint.z
      value: 98.631004
      objectReference: {fileID: 0}
    - target: {fileID: 5710342004204368138, guid: 6e4b14c365704a140979903466a55792,
        type: 3}
      propertyPath: m_LocalRotation.x
      value: -0.65122306
      objectReference: {fileID: 0}
    - target: {fileID: 5710342004204368138, guid: 6e4b14c365704a140979903466a55792,
        type: 3}
      propertyPath: m_LocalRotation.y
      value: 0.043122318
      objectReference: {fileID: 0}
    - target: {fileID: 5710342004204368138, guid: 6e4b14c365704a140979903466a55792,
        type: 3}
      propertyPath: m_LocalRotation.z
      value: -0.03794577
      objectReference: {fileID: 0}
    - target: {fileID: 5710342004204368138, guid: 6e4b14c365704a140979903466a55792,
        type: 3}
      propertyPath: m_LocalRotation.w
      value: 0.7567094
      objectReference: {fileID: 0}
    - target: {fileID: 5710342004204368138, guid: 6e4b14c365704a140979903466a55792,
        type: 3}
      propertyPath: m_LocalPosition.x
      value: -0.01
      objectReference: {fileID: 0}
    - target: {fileID: 5710342004204368138, guid: 6e4b14c365704a140979903466a55792,
        type: 3}
      propertyPath: m_LocalPosition.y
      value: -0.039
      objectReference: {fileID: 0}
    - target: {fileID: 5710342004204368138, guid: 6e4b14c365704a140979903466a55792,
        type: 3}
      propertyPath: m_LocalPosition.z
      value: 0.879
      objectReference: {fileID: 0}
    - target: {fileID: 5710342004204368138, guid: 6e4b14c365704a140979903466a55792,
        type: 3}
      propertyPath: m_LocalEulerAnglesHint.x
      value: -79.204
      objectReference: {fileID: 0}
    - target: {fileID: 5710342004204368138, guid: 6e4b14c365704a140979903466a55792,
        type: 3}
      propertyPath: m_LocalEulerAnglesHint.y
      value: 37.754
      objectReference: {fileID: 0}
    - target: {fileID: 5710342004204368138, guid: 6e4b14c365704a140979903466a55792,
        type: 3}
      propertyPath: m_LocalEulerAnglesHint.z
      value: -37.332
      objectReference: {fileID: 0}
    - target: {fileID: 5710342004363874331, guid: 6e4b14c365704a140979903466a55792,
        type: 3}
      propertyPath: m_LocalRotation.x
      value: -0.525865
      objectReference: {fileID: 0}
    - target: {fileID: 5710342004363874331, guid: 6e4b14c365704a140979903466a55792,
        type: 3}
      propertyPath: m_LocalRotation.y
      value: 0.079501905
      objectReference: {fileID: 0}
    - target: {fileID: 5710342004363874331, guid: 6e4b14c365704a140979903466a55792,
        type: 3}
      propertyPath: m_LocalRotation.z
      value: -0.049491484
      objectReference: {fileID: 0}
    - target: {fileID: 5710342004363874331, guid: 6e4b14c365704a140979903466a55792,
        type: 3}
      propertyPath: m_LocalRotation.w
      value: 0.845397
      objectReference: {fileID: 0}
    - target: {fileID: 5710342004363874331, guid: 6e4b14c365704a140979903466a55792,
        type: 3}
      propertyPath: m_LocalPosition.x
      value: -0.001
      objectReference: {fileID: 0}
    - target: {fileID: 5710342004363874331, guid: 6e4b14c365704a140979903466a55792,
        type: 3}
      propertyPath: m_LocalPosition.y
      value: 0.057
      objectReference: {fileID: 0}
    - target: {fileID: 5710342004363874331, guid: 6e4b14c365704a140979903466a55792,
        type: 3}
      propertyPath: m_LocalPosition.z
      value: 0.908
      objectReference: {fileID: 0}
    - target: {fileID: 5710342004363874331, guid: 6e4b14c365704a140979903466a55792,
        type: 3}
      propertyPath: m_LocalEulerAnglesHint.x
      value: -61.795002
      objectReference: {fileID: 0}
    - target: {fileID: 5710342004363874331, guid: 6e4b14c365704a140979903466a55792,
        type: 3}
      propertyPath: m_LocalEulerAnglesHint.y
      value: 23.237001
      objectReference: {fileID: 0}
    - target: {fileID: 5710342004363874331, guid: 6e4b14c365704a140979903466a55792,
        type: 3}
      propertyPath: m_LocalEulerAnglesHint.z
      value: -20.730001
      objectReference: {fileID: 0}
    - target: {fileID: 5710342003714811449, guid: 6e4b14c365704a140979903466a55792,
        type: 3}
      propertyPath: m_LocalRotation.x
      value: 0.6767587
      objectReference: {fileID: 0}
    - target: {fileID: 5710342003714811449, guid: 6e4b14c365704a140979903466a55792,
        type: 3}
      propertyPath: m_LocalRotation.y
      value: 0.66573256
      objectReference: {fileID: 0}
    - target: {fileID: 5710342003714811449, guid: 6e4b14c365704a140979903466a55792,
        type: 3}
      propertyPath: m_LocalRotation.z
      value: -0.09779822
      objectReference: {fileID: 0}
    - target: {fileID: 5710342003714811449, guid: 6e4b14c365704a140979903466a55792,
        type: 3}
      propertyPath: m_LocalRotation.w
      value: -0.2987196
      objectReference: {fileID: 0}
    - target: {fileID: 5710342003714811449, guid: 6e4b14c365704a140979903466a55792,
        type: 3}
      propertyPath: m_LocalPosition.x
      value: 0.034
      objectReference: {fileID: 0}
    - target: {fileID: 5710342003714811449, guid: 6e4b14c365704a140979903466a55792,
        type: 3}
      propertyPath: m_LocalPosition.y
      value: 0.022
      objectReference: {fileID: 0}
    - target: {fileID: 5710342003714811449, guid: 6e4b14c365704a140979903466a55792,
        type: 3}
      propertyPath: m_LocalPosition.z
      value: 0.534
      objectReference: {fileID: 0}
    - target: {fileID: 5710342003714811449, guid: 6e4b14c365704a140979903466a55792,
        type: 3}
      propertyPath: m_LocalEulerAnglesHint.x
      value: -164.091
      objectReference: {fileID: 0}
    - target: {fileID: 5710342003714811449, guid: 6e4b14c365704a140979903466a55792,
        type: 3}
      propertyPath: m_LocalEulerAnglesHint.y
      value: 33.45099
      objectReference: {fileID: 0}
    - target: {fileID: 5710342003714811449, guid: 6e4b14c365704a140979903466a55792,
        type: 3}
      propertyPath: m_LocalEulerAnglesHint.z
      value: -93.86798
      objectReference: {fileID: 0}
    - target: {fileID: 5710342003189353790, guid: 6e4b14c365704a140979903466a55792,
        type: 3}
      propertyPath: m_LocalRotation.x
      value: 0.98296064
      objectReference: {fileID: 0}
    - target: {fileID: 5710342003189353790, guid: 6e4b14c365704a140979903466a55792,
        type: 3}
      propertyPath: m_LocalRotation.y
      value: 0.004140783
      objectReference: {fileID: 0}
    - target: {fileID: 5710342003189353790, guid: 6e4b14c365704a140979903466a55792,
        type: 3}
      propertyPath: m_LocalRotation.z
      value: 0.100545995
      objectReference: {fileID: 0}
    - target: {fileID: 5710342003189353790, guid: 6e4b14c365704a140979903466a55792,
        type: 3}
      propertyPath: m_LocalRotation.w
      value: -0.1538242
      objectReference: {fileID: 0}
    - target: {fileID: 5710342003189353790, guid: 6e4b14c365704a140979903466a55792,
        type: 3}
      propertyPath: m_LocalPosition.x
      value: 0.018
      objectReference: {fileID: 0}
    - target: {fileID: 5710342003189353790, guid: 6e4b14c365704a140979903466a55792,
        type: 3}
      propertyPath: m_LocalPosition.y
      value: -0.004
      objectReference: {fileID: 0}
    - target: {fileID: 5710342003189353790, guid: 6e4b14c365704a140979903466a55792,
        type: 3}
      propertyPath: m_LocalPosition.z
      value: 0.526
      objectReference: {fileID: 0}
    - target: {fileID: 5710342003189353790, guid: 6e4b14c365704a140979903466a55792,
        type: 3}
      propertyPath: m_LocalEulerAnglesHint.x
      value: -162.34799
      objectReference: {fileID: 0}
    - target: {fileID: 5710342003189353790, guid: 6e4b14c365704a140979903466a55792,
        type: 3}
      propertyPath: m_LocalEulerAnglesHint.y
      value: -11.893982
      objectReference: {fileID: 0}
    - target: {fileID: 5710342003189353790, guid: 6e4b14c365704a140979903466a55792,
        type: 3}
      propertyPath: m_LocalEulerAnglesHint.z
      value: 1.3709869
      objectReference: {fileID: 0}
    - target: {fileID: 5710342003257342829, guid: 6e4b14c365704a140979903466a55792,
        type: 3}
      propertyPath: m_LocalRotation.x
      value: 0.89504397
      objectReference: {fileID: 0}
    - target: {fileID: 5710342003257342829, guid: 6e4b14c365704a140979903466a55792,
        type: 3}
      propertyPath: m_LocalRotation.y
      value: 0.4416529
      objectReference: {fileID: 0}
    - target: {fileID: 5710342003257342829, guid: 6e4b14c365704a140979903466a55792,
        type: 3}
      propertyPath: m_LocalRotation.z
      value: -0.014603715
      objectReference: {fileID: 0}
    - target: {fileID: 5710342003257342829, guid: 6e4b14c365704a140979903466a55792,
        type: 3}
      propertyPath: m_LocalRotation.w
      value: -0.060213804
      objectReference: {fileID: 0}
    - target: {fileID: 5710342003257342829, guid: 6e4b14c365704a140979903466a55792,
        type: 3}
      propertyPath: m_LocalPosition.x
      value: -0.01493483
      objectReference: {fileID: 0}
    - target: {fileID: 5710342003257342829, guid: 6e4b14c365704a140979903466a55792,
        type: 3}
      propertyPath: m_LocalPosition.y
      value: 0.0080690235
      objectReference: {fileID: 0}
    - target: {fileID: 5710342003257342829, guid: 6e4b14c365704a140979903466a55792,
        type: 3}
      propertyPath: m_LocalPosition.z
      value: 0.21551915
      objectReference: {fileID: 0}
    - target: {fileID: 5710342003257342829, guid: 6e4b14c365704a140979903466a55792,
        type: 3}
      propertyPath: m_LocalEulerAnglesHint.x
      value: -174.555
      objectReference: {fileID: 0}
    - target: {fileID: 5710342003257342829, guid: 6e4b14c365704a140979903466a55792,
        type: 3}
      propertyPath: m_LocalEulerAnglesHint.z
      value: -52.744995
      objectReference: {fileID: 0}
    - target: {fileID: 5710342003257342829, guid: 6e4b14c365704a140979903466a55792,
        type: 3}
      propertyPath: m_LocalEulerAnglesHint.y
      value: 4.570999
      objectReference: {fileID: 0}
    - target: {fileID: 5710342004742618164, guid: 6e4b14c365704a140979903466a55792,
        type: 3}
      propertyPath: m_LocalPosition.x
      value: -0.035
      objectReference: {fileID: 0}
    - target: {fileID: 5710342004742618164, guid: 6e4b14c365704a140979903466a55792,
        type: 3}
      propertyPath: m_LocalPosition.y
      value: -0.033
      objectReference: {fileID: 0}
    - target: {fileID: 5710342004742618164, guid: 6e4b14c365704a140979903466a55792,
        type: 3}
      propertyPath: m_LocalPosition.z
      value: -0.01
      objectReference: {fileID: 0}
    - target: {fileID: 5710342004397126766, guid: 6e4b14c365704a140979903466a55792,
        type: 3}
      propertyPath: m_LocalRotation.x
      value: 0.6640449
      objectReference: {fileID: 0}
    - target: {fileID: 5710342004397126766, guid: 6e4b14c365704a140979903466a55792,
        type: 3}
      propertyPath: m_LocalRotation.y
      value: -0.21202354
      objectReference: {fileID: 0}
    - target: {fileID: 5710342004397126766, guid: 6e4b14c365704a140979903466a55792,
        type: 3}
      propertyPath: m_LocalRotation.z
      value: -0.20490989
      objectReference: {fileID: 0}
    - target: {fileID: 5710342004397126766, guid: 6e4b14c365704a140979903466a55792,
        type: 3}
      propertyPath: m_LocalRotation.w
      value: 0.6870971
      objectReference: {fileID: 0}
    - target: {fileID: 5710342004397126766, guid: 6e4b14c365704a140979903466a55792,
        type: 3}
      propertyPath: m_LocalPosition.x
      value: -0.0046585156
      objectReference: {fileID: 0}
    - target: {fileID: 5710342004397126766, guid: 6e4b14c365704a140979903466a55792,
        type: 3}
      propertyPath: m_LocalPosition.y
      value: 0.0026638133
      objectReference: {fileID: 0}
    - target: {fileID: 5710342004397126766, guid: 6e4b14c365704a140979903466a55792,
        type: 3}
      propertyPath: m_LocalPosition.z
      value: -0.0001031217
      objectReference: {fileID: 0}
    - target: {fileID: 5710342004397126766, guid: 6e4b14c365704a140979903466a55792,
        type: 3}
      propertyPath: m_LocalEulerAnglesHint.x
      value: 55.653004
      objectReference: {fileID: 0}
    - target: {fileID: 5710342004397126766, guid: 6e4b14c365704a140979903466a55792,
        type: 3}
      propertyPath: m_LocalEulerAnglesHint.y
      value: -87.137
      objectReference: {fileID: 0}
    - target: {fileID: 5710342004397126766, guid: 6e4b14c365704a140979903466a55792,
        type: 3}
      propertyPath: m_LocalEulerAnglesHint.z
      value: -86.534004
      objectReference: {fileID: 0}
    - target: {fileID: 5710342004624213507, guid: 6e4b14c365704a140979903466a55792,
        type: 3}
      propertyPath: m_LocalRotation.x
      value: 0.2173915
      objectReference: {fileID: 0}
    - target: {fileID: 5710342004624213507, guid: 6e4b14c365704a140979903466a55792,
        type: 3}
      propertyPath: m_LocalRotation.y
      value: -0.5466695
      objectReference: {fileID: 0}
    - target: {fileID: 5710342004624213507, guid: 6e4b14c365704a140979903466a55792,
        type: 3}
      propertyPath: m_LocalRotation.z
      value: 0.75140387
      objectReference: {fileID: 0}
    - target: {fileID: 5710342004624213507, guid: 6e4b14c365704a140979903466a55792,
        type: 3}
      propertyPath: m_LocalRotation.w
      value: -0.2988072
      objectReference: {fileID: 0}
    - target: {fileID: 5710342004624213507, guid: 6e4b14c365704a140979903466a55792,
        type: 3}
      propertyPath: m_LocalPosition.x
      value: -0.065
      objectReference: {fileID: 0}
    - target: {fileID: 5710342004624213507, guid: 6e4b14c365704a140979903466a55792,
        type: 3}
      propertyPath: m_LocalPosition.y
      value: -0.024
      objectReference: {fileID: 0}
    - target: {fileID: 5710342004624213507, guid: 6e4b14c365704a140979903466a55792,
        type: 3}
      propertyPath: m_LocalPosition.z
      value: -0.025
      objectReference: {fileID: 0}
    - target: {fileID: 5710342004624213507, guid: 6e4b14c365704a140979903466a55792,
        type: 3}
      propertyPath: m_LocalEulerAnglesHint.x
      value: 43.759003
      objectReference: {fileID: 0}
    - target: {fileID: 5710342004624213507, guid: 6e4b14c365704a140979903466a55792,
        type: 3}
      propertyPath: m_LocalEulerAnglesHint.y
      value: 64.777
      objectReference: {fileID: 0}
    - target: {fileID: 5710342004624213507, guid: 6e4b14c365704a140979903466a55792,
        type: 3}
      propertyPath: m_LocalEulerAnglesHint.z
      value: -108.045006
      objectReference: {fileID: 0}
    - target: {fileID: 5710342003880858914, guid: 6e4b14c365704a140979903466a55792,
        type: 3}
      propertyPath: m_LocalRotation.x
      value: -0.000000027781164
      objectReference: {fileID: 0}
    - target: {fileID: 5710342003880858914, guid: 6e4b14c365704a140979903466a55792,
        type: 3}
      propertyPath: m_LocalRotation.y
      value: -0.091995575
      objectReference: {fileID: 0}
    - target: {fileID: 5710342003880858914, guid: 6e4b14c365704a140979903466a55792,
        type: 3}
      propertyPath: m_LocalRotation.z
      value: 0.00000008186483
      objectReference: {fileID: 0}
    - target: {fileID: 5710342003880858914, guid: 6e4b14c365704a140979903466a55792,
        type: 3}
      propertyPath: m_LocalRotation.w
      value: 0.9957595
      objectReference: {fileID: 0}
    - target: {fileID: 5710342003880858914, guid: 6e4b14c365704a140979903466a55792,
        type: 3}
      propertyPath: m_LocalPosition.x
      value: -0.0108
      objectReference: {fileID: 0}
    - target: {fileID: 5710342003880858914, guid: 6e4b14c365704a140979903466a55792,
        type: 3}
      propertyPath: m_LocalPosition.y
      value: -0.0009
      objectReference: {fileID: 0}
    - target: {fileID: 5710342003880858914, guid: 6e4b14c365704a140979903466a55792,
        type: 3}
      propertyPath: m_LocalPosition.z
      value: 0.062
      objectReference: {fileID: 0}
    - target: {fileID: 5710342003880858914, guid: 6e4b14c365704a140979903466a55792,
        type: 3}
      propertyPath: m_LocalEulerAnglesHint.y
      value: -10.557
      objectReference: {fileID: 0}
    - target: {fileID: 5710342003141694150, guid: 6e4b14c365704a140979903466a55792,
        type: 3}
      propertyPath: m_LocalRotation.x
      value: -0.00000004528238
      objectReference: {fileID: 0}
    - target: {fileID: 5710342003141694150, guid: 6e4b14c365704a140979903466a55792,
        type: 3}
      propertyPath: m_LocalRotation.y
      value: 0.23274474
      objectReference: {fileID: 0}
    - target: {fileID: 5710342003141694150, guid: 6e4b14c365704a140979903466a55792,
        type: 3}
      propertyPath: m_LocalRotation.z
      value: -0.00000008698785
      objectReference: {fileID: 0}
    - target: {fileID: 5710342003141694150, guid: 6e4b14c365704a140979903466a55792,
        type: 3}
      propertyPath: m_LocalRotation.w
      value: 0.9725379
      objectReference: {fileID: 0}
    - target: {fileID: 5710342003141694150, guid: 6e4b14c365704a140979903466a55792,
        type: 3}
      propertyPath: m_LocalPosition.x
      value: 0.03
      objectReference: {fileID: 0}
    - target: {fileID: 5710342003141694150, guid: 6e4b14c365704a140979903466a55792,
        type: 3}
      propertyPath: m_LocalPosition.y
      value: -0.014
      objectReference: {fileID: 0}
    - target: {fileID: 5710342003141694150, guid: 6e4b14c365704a140979903466a55792,
        type: 3}
      propertyPath: m_LocalPosition.z
      value: 0.049
      objectReference: {fileID: 0}
    - target: {fileID: 5710342003141694150, guid: 6e4b14c365704a140979903466a55792,
        type: 3}
      propertyPath: m_LocalEulerAnglesHint.y
      value: 26.917002
      objectReference: {fileID: 0}
    - target: {fileID: 5710342003238192500, guid: 6e4b14c365704a140979903466a55792,
        type: 3}
      propertyPath: m_LocalRotation.x
      value: 0.00000019320026
      objectReference: {fileID: 0}
    - target: {fileID: 5710342003238192500, guid: 6e4b14c365704a140979903466a55792,
        type: 3}
      propertyPath: m_LocalRotation.y
      value: 0.20694669
      objectReference: {fileID: 0}
    - target: {fileID: 5710342003238192500, guid: 6e4b14c365704a140979903466a55792,
        type: 3}
      propertyPath: m_LocalRotation.z
      value: 0.00000003223585
      objectReference: {fileID: 0}
    - target: {fileID: 5710342003238192500, guid: 6e4b14c365704a140979903466a55792,
        type: 3}
      propertyPath: m_LocalPosition.x
      value: 0.021
      objectReference: {fileID: 0}
    - target: {fileID: 5710342003238192500, guid: 6e4b14c365704a140979903466a55792,
        type: 3}
      propertyPath: m_LocalPosition.y
      value: 0.012
      objectReference: {fileID: 0}
    - target: {fileID: 5710342003238192500, guid: 6e4b14c365704a140979903466a55792,
        type: 3}
      propertyPath: m_LocalPosition.z
      value: 0.055
      objectReference: {fileID: 0}
    - target: {fileID: 5710342003238192500, guid: 6e4b14c365704a140979903466a55792,
        type: 3}
      propertyPath: m_LocalRotation.w
      value: 0.97835225
      objectReference: {fileID: 0}
    - target: {fileID: 5710342003238192500, guid: 6e4b14c365704a140979903466a55792,
        type: 3}
      propertyPath: m_LocalEulerAnglesHint.y
      value: 23.887001
      objectReference: {fileID: 0}
    - target: {fileID: 4817536328375496370, guid: 6e4b14c365704a140979903466a55792,
        type: 3}
      propertyPath: m_IsTrigger
      value: 1
      objectReference: {fileID: 0}
    m_RemovedComponents: []
  m_SourcePrefab: {fileID: 100100000, guid: 6e4b14c365704a140979903466a55792, type: 3}
--- !u!1 &1078366699554321863 stripped
GameObject:
  m_CorrespondingSourceObject: {fileID: 5710342004552589022, guid: 6e4b14c365704a140979903466a55792,
    type: 3}
  m_PrefabInstance: {fileID: 4740061700367248153}
  m_PrefabAsset: {fileID: 0}
--- !u!4 &1078366699554321866 stripped
Transform:
  m_CorrespondingSourceObject: {fileID: 5710342004552589011, guid: 6e4b14c365704a140979903466a55792,
    type: 3}
  m_PrefabInstance: {fileID: 4740061700367248153}
  m_PrefabAsset: {fileID: 0}
--- !u!114 &5494683246185452950 stripped
MonoBehaviour:
  m_CorrespondingSourceObject: {fileID: 975341908219821711, guid: 6e4b14c365704a140979903466a55792,
    type: 3}
  m_PrefabInstance: {fileID: 4740061700367248153}
  m_PrefabAsset: {fileID: 0}
  m_GameObject: {fileID: 1078366699554321863}
  m_Enabled: 1
  m_EditorHideFlags: 0
  m_Script: {fileID: 11500000, guid: b1d7858a6f480f3449e07a1f74e580d6, type: 3}
  m_Name: 
  m_EditorClassIdentifier: 
