%YAML 1.1
%TAG !u! tag:unity3d.com,2011:
--- !u!1 &2829962985849325509
GameObject:
  m_ObjectHideFlags: 0
  m_CorrespondingSourceObject: {fileID: 0}
  m_PrefabInstance: {fileID: 0}
  m_PrefabAsset: {fileID: 0}
  serializedVersion: 6
  m_Component:
  - component: {fileID: 2829962985849325560}
  - component: {fileID: 2829962985849325511}
  - component: {fileID: 2829962985849325510}
  - component: {fileID: 5253080704745305688}
  - component: {fileID: 7495668561887931256}
  - component: {fileID: 8479495816594459187}
  m_Layer: 0
  m_Name: Meteor
  m_TagString: meteor
  m_Icon: {fileID: 0}
  m_NavMeshLayer: 0
  m_StaticEditorFlags: 0
  m_IsActive: 1
--- !u!4 &2829962985849325560
Transform:
  m_ObjectHideFlags: 0
  m_CorrespondingSourceObject: {fileID: 0}
  m_PrefabInstance: {fileID: 0}
  m_PrefabAsset: {fileID: 0}
  m_GameObject: {fileID: 2829962985849325509}
  m_LocalRotation: {x: 0, y: 0, z: 0, w: 1}
  m_LocalPosition: {x: -3.168, y: 0.034, z: -0.12922347}
  m_LocalScale: {x: 0.0145235, y: 0.0145235, z: 1}
  m_Children: []
  m_Father: {fileID: 0}
  m_RootOrder: 0
  m_LocalEulerAnglesHint: {x: 0, y: 0, z: 0}
--- !u!212 &2829962985849325511
SpriteRenderer:
  m_ObjectHideFlags: 0
  m_CorrespondingSourceObject: {fileID: 0}
  m_PrefabInstance: {fileID: 0}
  m_PrefabAsset: {fileID: 0}
  m_GameObject: {fileID: 2829962985849325509}
  m_Enabled: 1
  m_CastShadows: 0
  m_ReceiveShadows: 0
  m_DynamicOccludee: 1
  m_MotionVectors: 1
  m_LightProbeUsage: 1
  m_ReflectionProbeUsage: 1
  m_RenderingLayerMask: 1
  m_RendererPriority: 0
  m_Materials:
  - {fileID: 10754, guid: 0000000000000000f000000000000000, type: 0}
  m_StaticBatchInfo:
    firstSubMesh: 0
    subMeshCount: 0
  m_StaticBatchRoot: {fileID: 0}
  m_ProbeAnchor: {fileID: 0}
  m_LightProbeVolumeOverride: {fileID: 0}
  m_ScaleInLightmap: 1
  m_PreserveUVs: 0
  m_IgnoreNormalsForChartDetection: 0
  m_ImportantGI: 0
  m_StitchLightmapSeams: 0
  m_SelectedEditorRenderState: 0
  m_MinimumChartSize: 4
  m_AutoUVMaxDistance: 0.5
  m_AutoUVMaxAngle: 89
  m_LightmapParameters: {fileID: 0}
  m_SortingLayerID: 0
  m_SortingLayer: 0
  m_SortingOrder: 0
  m_Sprite: {fileID: 21300000, guid: 9c064d15619f888469cad3459925b277, type: 3}
  m_Color: {r: 1, g: 1, b: 1, a: 1}
  m_FlipX: 0
  m_FlipY: 0
  m_DrawMode: 0
  m_Size: {x: 14.1, y: 14.95}
  m_AdaptiveModeThreshold: 0.5
  m_SpriteTileMode: 0
  m_WasSpriteAssigned: 1
  m_MaskInteraction: 0
  m_SpriteSortPoint: 0
--- !u!95 &2829962985849325510
Animator:
  serializedVersion: 3
  m_ObjectHideFlags: 0
  m_CorrespondingSourceObject: {fileID: 0}
  m_PrefabInstance: {fileID: 0}
  m_PrefabAsset: {fileID: 0}
  m_GameObject: {fileID: 2829962985849325509}
  m_Enabled: 1
  m_Avatar: {fileID: 0}
  m_Controller: {fileID: 9100000, guid: 30248ce4af577ce40b3f8d717c5b5438, type: 2}
  m_CullingMode: 0
  m_UpdateMode: 0
  m_ApplyRootMotion: 0
  m_LinearVelocityBlending: 0
  m_WarningMessage: 
  m_HasTransformHierarchy: 1
  m_AllowConstantClipSamplingOptimization: 1
  m_KeepAnimatorControllerStateOnDisable: 0
--- !u!50 &5253080704745305688
Rigidbody2D:
  serializedVersion: 4
  m_ObjectHideFlags: 0
  m_CorrespondingSourceObject: {fileID: 0}
  m_PrefabInstance: {fileID: 0}
  m_PrefabAsset: {fileID: 0}
  m_GameObject: {fileID: 2829962985849325509}
  m_BodyType: 0
  m_Simulated: 1
  m_UseFullKinematicContacts: 0
  m_UseAutoMass: 0
  m_Mass: 1
  m_LinearDrag: 0
  m_AngularDrag: 0.05
  m_GravityScale: 5
  m_Material: {fileID: 0}
  m_Interpolate: 0
  m_SleepingMode: 1
  m_CollisionDetection: 0
  m_Constraints: 4
--- !u!60 &7495668561887931256
PolygonCollider2D:
  m_ObjectHideFlags: 0
  m_CorrespondingSourceObject: {fileID: 0}
  m_PrefabInstance: {fileID: 0}
  m_PrefabAsset: {fileID: 0}
  m_GameObject: {fileID: 2829962985849325509}
  m_Enabled: 1
  m_Density: 1
  m_Material: {fileID: 0}
  m_IsTrigger: 1
  m_UsedByEffector: 0
  m_UsedByComposite: 0
  m_Offset: {x: 0, y: 0}
  m_SpriteTilingProperty:
    border: {x: 0, y: 0, z: 0, w: 0}
    pivot: {x: 0.5, y: 0.5}
    oldSize: {x: 14.1, y: 14.95}
    newSize: {x: 14.1, y: 14.95}
    adaptiveTilingThreshold: 0.5
    drawMode: 0
    adaptiveTiling: 0
  m_AutoTiling: 0
  m_Points:
    m_Paths:
    - - {x: 2.8500001, y: -6.525}
      - {x: 3.4, y: -6.3250003}
      - {x: 4.3, y: -5.625}
      - {x: 5.05, y: -4.925}
      - {x: 5.5, y: -4.0750003}
      - {x: 6.1, y: -3.425}
      - {x: 6.2000003, y: -2.875}
      - {x: 6.6, y: -2.275}
      - {x: 7, y: -1.525}
      - {x: 7, y: -0.925}
      - {x: 6.9500003, y: -0.025}
      - {x: 6.9, y: 0.475}
      - {x: 7.05, y: 0.625}
      - {x: 7.05, y: 1.075}
      - {x: 6.85, y: 2.075}
      - {x: 6.4500003, y: 3.325}
      - {x: 6.3, y: 3.925}
      - {x: 5.9, y: 4.625}
      - {x: 5.2000003, y: 5.275}
      - {x: 4.9, y: 5.5750003}
      - {x: 4.4500003, y: 6.175}
      - {x: 4, y: 6.425}
      - {x: 3.6000001, y: 6.625}
      - {x: 3.3500001, y: 6.925}
      - {x: 2.8, y: 7.0750003}
      - {x: 2.4, y: 7.275}
      - {x: 2.05, y: 7.375}
      - {x: 1.6, y: 7.475}
      - {x: -0.95, y: 7.475}
      - {x: -1.9, y: 7.3250003}
      - {x: -2.75, y: 6.975}
      - {x: -3.6000001, y: 6.525}
      - {x: -4.35, y: 5.925}
      - {x: -4.8, y: 5.675}
      - {x: -5.35, y: 5.225}
      - {x: -5.8, y: 4.875}
      - {x: -6.05, y: 4.375}
      - {x: -6.5, y: 3.275}
      - {x: -6.4500003, y: 2.9750001}
      - {x: -6.8, y: 2.325}
      - {x: -7.05, y: 1.275}
      - {x: -7.05, y: -1.025}
      - {x: -6.75, y: -1.475}
      - {x: -6.85, y: -1.9250001}
      - {x: -6.6, y: -2.9750001}
      - {x: -6.4, y: -3.275}
      - {x: -6.5, y: -3.525}
      - {x: -6.3, y: -3.675}
      - {x: -6.15, y: -3.575}
      - {x: -5.85, y: -3.9750001}
      - {x: -5.75, y: -4.3250003}
      - {x: -5.3, y: -5.0750003}
      - {x: -5.15, y: -5.475}
      - {x: -5, y: -5.725}
      - {x: -4.5, y: -5.975}
      - {x: -4.05, y: -6.175}
      - {x: -3.3500001, y: -6.8250003}
      - {x: -2.75, y: -7.0750003}
      - {x: -2.3, y: -7.0750003}
      - {x: -1.45, y: -7.3250003}
      - {x: 0.55, y: -7.3250003}
      - {x: 1.3000001, y: -7.125}
      - {x: 2.15, y: -7.025}
      - {x: 2.2, y: -6.8250003}
    - - {x: -5.3, y: -5.425}
      - {x: -5.15, y: -5.375}
      - {x: -5.15, y: -5.225}
      - {x: -5.3, y: -5.175}
      - {x: -5.4, y: -5.275}
--- !u!114 &8479495816594459187
MonoBehaviour:
  m_ObjectHideFlags: 0
  m_CorrespondingSourceObject: {fileID: 0}
  m_PrefabInstance: {fileID: 0}
  m_PrefabAsset: {fileID: 0}
  m_GameObject: {fileID: 2829962985849325509}
  m_Enabled: 1
  m_EditorHideFlags: 0
  m_Script: {fileID: 11500000, guid: 723200109f943134d9394ccb97be3273, type: 3}
  m_Name: 
  m_EditorClassIdentifier: 
